@misc{SAN,
	doi = {10.48550/ARXIV.1511.02274},
	
	url = {https://arxiv.org/abs/1511.02274},
	
	author = {Yang, Zichao and He, Xiaodong and Gao, Jianfeng and Deng, Li and Smola, Alex},
	
	keywords = {Machine Learning (cs.LG), Computation and Language (cs.CL), Computer Vision and Pattern Recognition (cs.CV), Neural and Evolutionary Computing (cs.NE), FOS: Computer and information sciences, FOS: Computer and information sciences},
	
	title = {Stacked Attention Networks for Image Question Answering},
	
	publisher = {arXiv},
	
	year = {2015},
	
	copyright = {arXiv.org perpetual, non-exclusive license}
}


@misc{CBAM,
	doi = {10.48550/ARXIV.1807.06521},
	
	url = {https://arxiv.org/abs/1807.06521},
	
	author = {Woo, Sanghyun and Park, Jongchan and Lee, Joon-Young and Kweon, In So},
	
	keywords = {Computer Vision and Pattern Recognition (cs.CV), FOS: Computer and information sciences, FOS: Computer and information sciences},
	
	title = {CBAM: Convolutional Block Attention Module},
	
	publisher = {arXiv},
	
	year = {2018},
	
	copyright = {arXiv.org perpetual, non-exclusive license}
}



@misc{Daquar,
	doi = {10.48550/ARXIV.1410.0210},
	
	url = {https://arxiv.org/abs/1410.0210},
	
	author = {Malinowski, Mateusz and Fritz, Mario},
	
	keywords = {Artificial Intelligence (cs.AI), Computation and Language (cs.CL), Computer Vision and Pattern Recognition (cs.CV), Machine Learning (cs.LG), FOS: Computer and information sciences, FOS: Computer and information sciences},
	
	title = {A Multi-World Approach to Question Answering about Real-World Scenes based on Uncertain Input},
	
	publisher = {arXiv},
	
	year = {2014},
	
	copyright = {arXiv.org perpetual, non-exclusive license}
}


@misc{coco-qa,
	doi = {10.48550/ARXIV.1505.02074},
	
	url = {https://arxiv.org/abs/1505.02074},
	
	author = {Ren, Mengye and Kiros, Ryan and Zemel, Richard},
	
	keywords = {Machine Learning (cs.LG), Artificial Intelligence (cs.AI), Computation and Language (cs.CL), Computer Vision and Pattern Recognition (cs.CV), FOS: Computer and information sciences, FOS: Computer and information sciences},
	
	title = {Exploring Models and Data for Image Question Answering},
	
	publisher = {arXiv},
	
	year = {2015},
	
	copyright = {arXiv.org perpetual, non-exclusive license}
}


@misc{VQA,
	doi = {10.48550/ARXIV.1505.00468},
	
	url = {https://arxiv.org/abs/1505.00468},
	
	author = {Agrawal, Aishwarya and Lu, Jiasen and Antol, Stanislaw and Mitchell, Margaret and Zitnick, C. Lawrence and Batra, Dhruv and Parikh, Devi},
	
	keywords = {Computation and Language (cs.CL), Computer Vision and Pattern Recognition (cs.CV), FOS: Computer and information sciences, FOS: Computer and information sciences},
	
	title = {VQA: Visual Question Answering},
	
	publisher = {arXiv},
	
	year = {2015},
	
	copyright = {arXiv.org perpetual, non-exclusive license}
}



@misc{Susskind2021,
	doi = {10.48550/ARXIV.2109.06133},
	
	url = {https://arxiv.org/abs/2109.06133},
	
	author = {Susskind, Zachary and Arden, Bryce and John, Lizy K. and Stockton, Patrick and John, Eugene B.},
	
	keywords = {Artificial Intelligence (cs.AI), Machine Learning (cs.LG), Neural and Evolutionary Computing (cs.NE), Performance (cs.PF), FOS: Computer and information sciences, FOS: Computer and information sciences, C.4; I.2.m},
	
	title = {Neuro-Symbolic AI: An Emerging Class of AI Workloads and their Characterization},
	
	publisher = {arXiv},
	
	year = {2021},
	
	copyright = {Creative Commons Attribution 4.0 International}
}


@misc{CLEVR,
	doi = {10.48550/ARXIV.1612.06890},
	
	url = {https://arxiv.org/abs/1612.06890},
	
	author = {Johnson, Justin and Hariharan, Bharath and van der Maaten, Laurens and Fei-Fei, Li and Zitnick, C. Lawrence and Girshick, Ross},
	
	keywords = {Computer Vision and Pattern Recognition (cs.CV), Computation and Language (cs.CL), Machine Learning (cs.LG), FOS: Computer and information sciences, FOS: Computer and information sciences},
	
	title = {CLEVR: A Diagnostic Dataset for Compositional Language and Elementary Visual Reasoning},
	
	publisher = {arXiv},
	
	year = {2016},
	
	copyright = {arXiv.org perpetual, non-exclusive license}
}


@misc{CAM,
	doi = {10.48550/ARXIV.1512.04150},
	
	url = {https://arxiv.org/abs/1512.04150},
	
	author = {Zhou, Bolei and Khosla, Aditya and Lapedriza, Agata and Oliva, Aude and Torralba, Antonio},
	
	keywords = {Computer Vision and Pattern Recognition (cs.CV), FOS: Computer and information sciences, FOS: Computer and information sciences},
	
	title = {Learning Deep Features for Discriminative Localization},
	
	publisher = {arXiv},
	
	year = {2015},
	
	copyright = {arXiv.org perpetual, non-exclusive license}
}



@misc{attention-transfer,
	doi = {10.48550/ARXIV.1612.03928},
	
	url = {https://arxiv.org/abs/1612.03928},
	
	author = {Zagoruyko, Sergey and Komodakis, Nikos},
	
	keywords = {Computer Vision and Pattern Recognition (cs.CV), FOS: Computer and information sciences, FOS: Computer and information sciences},
	
	title = {Paying More Attention to Attention: Improving the Performance of Convolutional Neural Networks via Attention Transfer},
	
	publisher = {arXiv},
		
	year = {2016},
	
	copyright = {arXiv.org perpetual, non-exclusive license}
}


@INPROCEEDINGS{Image-Net,  author={Deng, Jia and Dong, Wei and Socher, Richard and Li, Li-Jia and Kai Li and Li Fei-Fei},  booktitle={2009 IEEE Conference on Computer Vision and Pattern Recognition},   title={ImageNet: A large-scale hierarchical image database},   year={2009},  volume={},  number={},  pages={248-255},  doi={10.1109/CVPR.2009.5206848}}



@InProceedings{yang22,
	title = 	 {Injecting Logical Constraints into Neural Networks via Straight-Through Estimators},
	author =       {Yang, Zhun and Lee, Joohyung and Park, Chiyoun},
	booktitle = 	 {Proceedings of the 39th International Conference on Machine Learning},
	pages = 	 {25096--25122},
	year = 	 {2022},
	editor = 	 {Chaudhuri, Kamalika and Jegelka, Stefanie and Song, Le and Szepesvari, Csaba and Niu, Gang and Sabato, Sivan},
	volume = 	 {162},
	series = 	 {Proceedings of Machine Learning Research},
	month = 	 {17--23 Jul},
	publisher =    {PMLR},
	pdf = 	 {https://proceedings.mlr.press/v162/yang22h/yang22h.pdf},
	url = 	 {https://proceedings.mlr.press/v162/yang22h.html}
}




@misc{BNN,
	doi = {10.48550/ARXIV.1602.02830},
	
	url = {https://arxiv.org/abs/1602.02830},
	
	author = {Courbariaux, Matthieu and Hubara, Itay and Soudry, Daniel and El-Yaniv, Ran and Bengio, Yoshua},
	
	keywords = {Machine Learning (cs.LG), FOS: Computer and information sciences, FOS: Computer and information sciences},
	
	title = {Binarized Neural Networks: Training Deep Neural Networks with Weights and Activations Constrained to +1 or -1},
	
	publisher = {arXiv},
	
	year = {2016},
	
	copyright = {arXiv.org perpetual, non-exclusive license}
}




@misc{STE,
	doi = {10.48550/ARXIV.1308.3432},
	
	url = {https://arxiv.org/abs/1308.3432},
	
	author = {Bengio, Yoshua and LÃ©onard, Nicholas and Courville, Aaron},
	
	keywords = {Machine Learning (cs.LG), FOS: Computer and information sciences, FOS: Computer and information sciences},
	
	title = {Estimating or Propagating Gradients Through Stochastic Neurons for Conditional Computation},
	
	publisher = {arXiv},
	
	year = {2013},
	
	copyright = {arXiv.org perpetual, non-exclusive license}
}



@misc{binary-weights,
	doi = {10.48550/ARXIV.1511.00363},
	
	url = {https://arxiv.org/abs/1511.00363},
	
	author = {Courbariaux, Matthieu and Bengio, Yoshua and David, Jean-Pierre},
	
	keywords = {Machine Learning (cs.LG), Computer Vision and Pattern Recognition (cs.CV), Neural and Evolutionary Computing (cs.NE), FOS: Computer and information sciences, FOS: Computer and information sciences},
	
	title = {BinaryConnect: Training Deep Neural Networks with binary weights during propagations},
	
	publisher = {arXiv},
	
	year = {2015},
	
	copyright = {arXiv.org perpetual, non-exclusive license}
}
